@article{rfc8216,
    series =    {Request for Comments},
    number =    8216,
    howpublished =  {RFC 8216},
    publisher = {RFC Editor},
    doi =       {10.17487/RFC8216},
    url =       {https://www.rfc-editor.org/info/rfc8216},
        author =    {Roger Pantos and William May},
    title =     {{HTTP Live Streaming}},
    pagetotal = 60,
    year =      2017,
    month =     aug,
    abstract =  {This document describes a protocol for transferring unbounded streams of multimedia data. It specifies the data format of the files and the actions to be taken by the server (sender) and the clients (receivers) of the streams. It describes version 7 of this protocol.},
}
@article{sodagar2011mpeg,
  title={The mpeg-dash standard for multimedia streaming over the internet},
  author={Sodagar, Iraj},
  journal={IEEE multimedia},
  volume={18},
  number={4},
  pages={62--67},
  year={2011},
  publisher={IEEE}
}
@article{aloman2015performance,
  title={Performance evaluation of video streaming using MPEG DASH, RTSP, and RTMP in mobile networks},
  author={Aloman, Alexandru and Ispas, AI and Ciotirnae, Petrica and Sanchez-Iborra, Ramon and Cano, Maria-Dolores},
  booktitle={2015 8th IFIP Wireless and Mobile Networking Conference (WMNC)},
  pages={144--151},
  year={2015},
  organization={IEEE}
}
@article{1369697,
  author={Ohm, J.-R.},
  journal={Proceedings of the IEEE}, 
  title={Advances in Scalable Video Coding}, 
  year={2005},
  volume={93},
  number={1},
  pages={42-56},
  doi={10.1109/JPROC.2004.839611}}

@article{peng2004cdn,
  title={CDN: Content distribution network},
  author={Peng, Gang},
  journal={arXiv preprint cs/0411069},
  year={2004}
}